<record xmlns="http://www.loc.gov/MARC21/slim" xmlns:xsi="http://www.w3.org/2001/XMLSchema-instance" xsi:schemaLocation="http://www.loc.gov/MARC21/slim http://www.loc.gov/standards/marcxml/schema/MARC21slim.xsd"><leader>01857nam a2200421   4500</leader><controlfield tag="001">3072607</controlfield><controlfield tag="003">NNC</controlfield><controlfield tag="006">m        d        </controlfield><controlfield tag="007">cr cn |||m|||a</controlfield><controlfield tag="008">150223s1937    ua      o     000 0 arard</controlfield><datafield ind1=" " ind2=" " tag="040"><subfield code="a">NNU</subfield><subfield code="b">eng</subfield><subfield code="e">rda</subfield><subfield code="c">NNU</subfield></datafield><datafield ind1=" " ind2="4" tag="050"><subfield code="a">BJ1588.A7</subfield><subfield code="b">F485 1937</subfield></datafield><datafield ind1="1" ind2=" " tag="100"><subfield code="6">880-01</subfield><subfield code="a">Fikri&#772;, &#699;Ali&#772;.</subfield></datafield><datafield ind1="1" ind2="3" tag="245"><subfield code="6">880-02</subfield><subfield code="a">al-A&#772;da&#772;b al-Isla&#772;mi&#772;yah /</subfield><subfield code="c">ta&#700;li&#772;f &#699;Ali&#772; Fikri&#772;.</subfield></datafield><datafield ind1=" " ind2=" " tag="250"><subfield code="6">880-03</subfield><subfield code="a">al-T&#803;ab&#699;ah 1.</subfield></datafield><datafield ind1=" " ind2=" " tag="260"><subfield code="6">880-04</subfield><subfield code="a">Mis&#803;r :</subfield><subfield code="b">Mat&#803;ba&#699;at &#699;Isa&#769; al-Ba&#772;bi&#772; al-H&#803;alabi&#772; wa-Shuraka&#772;h,</subfield><subfield code="c">1937.</subfield></datafield><datafield ind1=" " ind2=" " tag="300"><subfield code="a">online resource (256 pages)</subfield></datafield><datafield ind1=" " ind2=" " tag="336"><subfield code="a">text</subfield><subfield code="2">rdacontent</subfield></datafield><datafield ind1=" " ind2=" " tag="337"><subfield code="a">computer</subfield><subfield code="2">rdamedia</subfield></datafield><datafield ind1=" " ind2=" " tag="338"><subfield code="a">online resource</subfield><subfield code="2">rdacarrier</subfield></datafield><datafield ind1=" " ind2=" " tag="500"><subfield code="a">Romanized record; in Arabic.</subfield></datafield><datafield ind1=" " ind2=" " tag="500"><subfield code="a">Part of the Arabic Collections Online (ACO) project, contributed by Columbia University Libraries.</subfield></datafield><datafield ind1=" " ind2=" " tag="533"><subfield code="a">Electronic reproduction.</subfield><subfield code="b">New York, N.Y. :</subfield><subfield code="c">New York University,</subfield><subfield code="d">2015.</subfield><subfield code="5">NNU</subfield></datafield><datafield ind1=" " ind2="0" tag="650"><subfield code="a">Conduct of life.</subfield></datafield><datafield ind1=" " ind2="0" tag="650"><subfield code="a">Muslims</subfield><subfield code="x">Conduct of life.</subfield></datafield><datafield ind1=" " ind2="7" tag="650"><subfield code="a">Conduct of life.</subfield><subfield code="2">fast</subfield><subfield code="0">(OCoLC)fst00874563</subfield></datafield><datafield ind1=" " ind2="7" tag="650"><subfield code="a">Muslims</subfield><subfield code="x">Conduct of life.</subfield><subfield code="2">fast</subfield><subfield code="0">(OCoLC)fst01031037</subfield></datafield><datafield ind1=" " ind2="7" tag="655"><subfield code="a">Criticism, interpretation, etc.</subfield><subfield code="2">fast</subfield><subfield code="0">(OCoLC)fst01411635</subfield></datafield><datafield ind1="2" ind2=" " tag="710"><subfield code="a">Columbia University.</subfield><subfield code="b">Libraries.</subfield></datafield><datafield ind1="0" ind2=" " tag="730"><subfield code="a">Arabic Collections Online.</subfield></datafield><datafield ind1="0" ind2="8" tag="776"><subfield code="i">Print version:</subfield><subfield code="a">Fikri&#772;, &#699;Ali&#772;.</subfield><subfield code="t">al-A&#772;da&#772;b al-Isla&#772;mi&#772;yah</subfield><subfield code="w">(NNC)3072607</subfield><subfield code="w">(OCoLC)22526512</subfield></datafield><datafield ind1="4" ind2="0" tag="856"><subfield code="u">http://hdl.handle.net/2333.1/c866t3bj</subfield></datafield><datafield ind1="1" ind2=" " tag="880"><subfield code="6">100-01/r</subfield><subfield code="a">&#1601;&#1603;&#1585;&#1610;&#1548; &#1593;&#1604;&#1610;.</subfield></datafield><datafield ind1="1" ind2="2" tag="880"><subfield code="6">245-02/r</subfield><subfield code="a">&#1575;&#1604;&#1575;&#1583;&#1575;&#1576; &#1575;&#1604;&#1575;&#1587;&#1604;&#1575;&#1605;&#1610;&#1577; /</subfield><subfield code="c">&#1578;&#1571;&#1604;&#1610;&#1601; &#1593;&#1604;&#1610; &#1601;&#1603;&#1585;&#1610;.</subfield></datafield><datafield ind1=" " ind2=" " tag="880"><subfield code="6">250-03/r</subfield><subfield code="a">&#1575;&#1604;&#1591;&#1576;&#1593;&#1577; 1.</subfield></datafield><datafield ind1=" " ind2=" " tag="880"><subfield code="6">260-04/r</subfield><subfield code="a">&#1605;&#1589;&#1585; :</subfield><subfield code="b">&#1605;&#1591;&#1576;&#1593;&#1577; &#1593;&#1610;&#1587;&#1609; &#1575;&#1604;&#1576;&#1575;&#1576;&#1610; &#1575;&#1604;&#1581;&#1604;&#1576;&#1610; &#1608;&#1588;&#1585;&#1603;&#1575;&#1607;&#1548;</subfield><subfield code="c">1937.</subfield></datafield><datafield ind1=" " ind2=" " tag="959"><subfield code="a">NNU</subfield><subfield code="b">WEB</subfield><subfield code="c">GENI</subfield><subfield code="t">0</subfield><subfield code="m">Electronic access</subfield><subfield code="s">01</subfield></datafield><datafield ind1=" " ind2=" " tag="999"><subfield code="i">NNC_3072607</subfield><subfield code="o">(OCoLC)22526512</subfield><subfield code="s">columbia_aco000093</subfield></datafield></record>